@article{barnes2011projected,
  title={The projected effect of risk factor reduction on Alzheimer's disease prevalence},
  author={Barnes, Deborah E and Yaffe, Kristine},
  journal={The Lancet Neurology},
  volume={10},
  number={9},
  pages={819--828},
  year={2011},
  publisher={Elsevier}
},
@article{zeng20128invitro,
  title={In vitro study on [3H]THK523 binding to brain tissues of Alzheimer's disease},
  author={Zhizhen Zeng},
  journal={Alzheimer's and Dementia},
  volume={8},
  pages={66},
  year={2012},
  publisher={Elsevier}
},
@article{thompson2009interaction,
  title={Interaction of the amyloid imaging tracer FDDNP with hallmark Alzheimer’s disease pathologies},
  author={Thompson, Paul W and Ye, Liang and Morgenstern, Jennifer L and Sue, Lucia and Beach, Thomas G and Judd, Duncan J and Shipley, Nicholas J and Libri, Vincenzo and Lockhart, Andrew},
  journal={Journal of neurochemistry},
  volume={109},
  number={2},
  pages={623--630},
  year={2009},
  publisher={Wiley Online Library}
},
@article{klunk2004imaging,
  title={Imaging brain amyloid in Alzheimer's disease with Pittsburgh Compound-B},
  author={Klunk, William E and Engler, Henry and Nordberg, Agneta and Wang, Yanming and Blomqvist, Gunnar and Holt, Daniel P and Bergstr{\"o}m, Mats and Savitcheva, Irina and Huang, Guo-Feng and Estrada, Sergio and others},
  journal={Annals of neurology},
  volume={55},
  number={3},
  pages={306--319},
  year={2004},
  publisher={Wiley Online Library}
},
@article{barrio1999pet,
  title={PET imaging of tangles and plaques in Alzheimer disease with a highly hydrophobic probe},
  author={Barrio, J and Huang, S and Cole, G and Satyamurthy, N and Petric, A and Phelps, M and Small, G},
  journal={Journal of Labelled Compounds and Radiopharmaceuticals},
  volume={42},
  pages={S194--S195},
  year={1999},
  publisher={JOHN WILEY \& SONS LTD}
},
@article{rojo2010selective,
  title={Selective interaction of lansoprazole and astemizole with tau polymers: potential new clinical use in diagnosis of Alzheimer's disease},
  author={Rojo, Leonel E and Alzate-Morales, Jans and Saavedra, Iv{\'a}n N and Davies, Peter and Maccioni, Ricardo B},
  journal={Journal of Alzheimer's disease: JAD},
  volume={19},
  number={2},
  pages={573},
  year={2010},
  publisher={NIH Public Access}
},
@article{fodero201118f,
  title={18F-THK523: a novel in vivo tau imaging ligand for Alzheimer’s disease},
  author={Fodero-Tavoletti, Michelle T and Okamura, Nobuyuki and Furumoto, Shozo and Mulligan, Rachel S and Connor, Andrea R and McLean, Catriona A and Cao, Diana and Rigopoulos, Angela and Cartwright, Glenn A and O’Keefe, Graeme and others},
  journal={Brain},
  volume={134},
  number={4},
  pages={1089--1100},
  year={2011},
  publisher={Oxford Univ Press}
},
@article{shao2012evaluation,
  title={Evaluation of [11C] N-methyl lansoprazole as a radiopharmaceutical for PET imaging of tau neurofibrillary tangles},
  author={Shao, Xia and Carpenter, Garrett M and Desmond, Timothy J and Sherman, Phillip and Quesada, Carole A and Fawaz, Maria and Brooks, Allen F and Kilbourn, Michael R and Albin, Roger L and Frey, Kirk A and others},
  journal={ACS medicinal chemistry letters},
  volume={3},
  number={11},
  pages={936--941},
  year={2012},
  publisher={ACS Publications}
}