@article{world2012dementia,
  title={Dementia: Fact Sheet no. 362},
  author={World Health Organization and others},
  journal={Retrieved June},
  volume={30},
  pages={2012},
  year={2012}
},
@article{lozano2013global,
  title={Global and regional mortality from 235 causes of death for 20 age groups in 1990 and 2010: a systematic analysis for the Global Burden of Disease Study 2010},
  author={Lozano, Rafael and Naghavi, Mohsen and Foreman, Kyle and Lim, Stephen and Shibuya, Kenji and Aboyans, Victor and Abraham, Jerry and Adair, Timothy and Aggarwal, Rakesh and Ahn, Stephanie Y and others},
  journal={The Lancet},
  volume={380},
  number={9859},
  pages={2095--2128},
  year={2013},
  publisher={Elsevier}
},
@article{fox2004imaging,
  title={Imaging cerebral atrophy: normal ageing to Alzheimer's disease},
  author={Fox, Nick C and Schott, Jonathan M},
  journal={The Lancet},
  volume={363},
  number={9406},
  pages={392--394},
  year={2004},
  publisher={Elsevier}
},
@article{barnes2004differentiating,
  title={Differentiating AD from aging using semiautomated measurement of hippocampal atrophy rates},
  author={Barnes, Josephine and Scahill, Rachael I and Boyes, Richard G and Frost, Chris and Lewis, Emma B and Rossor, Charlotte L and Rossor, Martin N and Fox, Nick C},
  journal={Neuroimage},
  volume={23},
  number={2},
  pages={574--581},
  year={2004},
  publisher={Elsevier}
}